@book{sharp1921,
  title={An introduction to cytology},
  author={Sharp, Lester Whyland},
  year={1921},
  publisher={McGraw-Hill book Company, Incorporated}
}

@article{gest2004,
  title={The discovery of microorganisms by Robert Hooke and Antoni Van Leeuwenhoek, fellows of the Royal Society},
  author={Gest, Howard},
  journal={Notes and records of the Royal Society of London},
  volume={58},
  number={2},
  pages={187--201},
  year={2004},
  publisher={The Royal Society}
}
